<collection xmlns="http://www.loc.gov/MARC21/slim">
<record>
  <leader>01411nam0a2200289 i 450 </leader>
  <controlfield tag="001">IT\ICCU\CNCE\040486</controlfield>
  <controlfield tag="005">20060302000000.0</controlfield>
  <datafield tag="012" ind1=" " ind2=" ">
    <subfield code="a">s,us e-us exro i-a- (C) 1566 (A)</subfield>
    <subfield code="2">fei</subfield>
  </datafield>
  <datafield tag="100" ind1=" " ind2=" ">
    <subfield code="a">19981118d1566        0itac0103    ba</subfield>
  </datafield>
  <datafield tag="101" ind1=" " ind2=" ">
    <subfield code="a">LAT</subfield>
  </datafield>
  <datafield tag="102" ind1=" " ind2=" ">
    <subfield code="a">IT</subfield>
  </datafield>
  <datafield tag="200" ind1="1" ind2=" ">
    <subfield code="a">Horatio habita ab Achille Statio Lusitano in pleno consistorio ad Pium V pont. max. illustrissimi f. Io. Valletae magni magistri, ac totius ordinis s. Io. Hierosolymitani nomine illustri f. Petro de Monte Capuae priore obedientiam praestante</subfield>
  </datafield>
  <datafield tag="210" ind1=" " ind2=" ">
    <subfield code="a">Romae</subfield>
    <subfield code="c">apud Iulium Bolanum de Accoltis</subfield>
    <subfield code="d">in Banchis in via Paulina</subfield>
    <subfield code="d">1566</subfield>
  </datafield>
  <datafield tag="215" ind1=" " ind2=" ">
    <subfield code="a">\4! c.</subfield>
    <subfield code="d">4ʻ</subfield>
  </datafield>
  <datafield tag="620" ind1=" " ind2=" ">
    <subfield code="a">IT</subfield>
    <subfield code="d">Roma</subfield>
  </datafield>
  <datafield tag="700" ind1=" " ind2="1">
    <subfield code="a">Estaȯ,</subfield>
    <subfield code="b">Aquiles</subfield>
    <subfield code="3">IT\ICCU\CNCA\000172</subfield>
  </datafield>
  <datafield tag="712" ind1="0" ind2="0">
    <subfield code="a">Accolti, Giulio</subfield>
    <subfield code="3">IT\ICCU\CNCT\000104</subfield>
    <subfield code="4">650</subfield>
  </datafield>
  <datafield tag="790" ind1=" " ind2="1">
    <subfield code="a">Statius,</subfield>
    <subfield code="b">Achilles</subfield>
    <subfield code="3">IT\ICCU\CNCA\014926</subfield>
    <subfield code="z">Estaȯ, Aquiles</subfield>
  </datafield>
  <datafield tag="791" ind1="0" ind2="0">
    <subfield code="a">Bolani, Giulio</subfield>
    <subfield code="3">IT\ICCU\CNCT\002964</subfield>
    <subfield code="z">Accolti, Giulio</subfield>
  </datafield>
  <datafield tag="791" ind1="0" ind2="0">
    <subfield code="a">Bolano degli Accolti, Giulio</subfield>
    <subfield code="3">IT\ICCU\CNCT\003005</subfield>
    <subfield code="z">Accolti, Giulio</subfield>
  </datafield>
  <datafield tag="791" ind1="0" ind2="0">
    <subfield code="a">Accolto, Giulio</subfield>
    <subfield code="3">IT\ICCU\CNCT\004216</subfield>
    <subfield code="z">Accolti, Giulio</subfield>
  </datafield>
  <datafield tag="791" ind1="0" ind2="0">
    <subfield code="a">Accoltus, Iulius</subfield>
    <subfield code="3">IT\ICCU\CNCT\004217</subfield>
    <subfield code="z">Accolti, Giulio</subfield>
  </datafield>
  <datafield tag="801" ind1=" " ind2="3">
    <subfield code="a">IT</subfield>
    <subfield code="b">ICCU</subfield>
    <subfield code="c">20201114</subfield>
  </datafield>
  <datafield tag="899" ind1=" " ind2=" ">
    <subfield code="a">Biblioteca Apostolica Vaticana. Citt ̉del Vaticano</subfield>
    <subfield code="1">EX0001</subfield>
    <subfield code="2">ZCV 01</subfield>
  </datafield>
  <datafield tag="899" ind1=" " ind2=" ">
    <subfield code="a">Biblioteca Marucelliana. Firenze</subfield>
    <subfield code="1">FI0101</subfield>
    <subfield code="2">CFI MF</subfield>
  </datafield>
  <datafield tag="899" ind1=" " ind2=" ">
    <subfield code="a">Biblioteca comunale Classense. Ravenna</subfield>
    <subfield code="1">RA0036</subfield>
    <subfield code="2">RAV CL</subfield>
  </datafield>
  <datafield tag="899" ind1=" " ind2=" ">
    <subfield code="a">British Library. London</subfield>
    <subfield code="1">UK0001</subfield>
  </datafield>
</record>
</collection>
